@article{vinyals2017starcraft,
    title={StarCraft II: a new challenge for reinforcement learning},
    author={Vinyals,
            Oriol and Ewalds, Timo and Bartunov,
            Sergey and Georgiev,
            Petko and Vezhnevets,
            Alexander Sasha and Yeo,
            Michelle and Makhzani,
            Alireza and K{\"u}ttler,
            Heinrich and Agapiou,
            John and Schrittwieser,
            Julian and others},
    journal={arXiv preprint arXiv:1708.04782},
    year={2017}
}

@article{lecun2015deep,
    title={Deep learning},
    author={LeCun, Yann and Bengio, Yoshua and Hinton, Geoffrey},
    journal={nature},
    volume={521},
    number={7553},
    pages={436},
    year={2015},
    publisher={Nature Publishing Group}
}

@inproceedings{krizhevsky2012imagenet,
  title={Imagenet classification with deep convolutional neural networks},
  author={Krizhevsky, Alex and Sutskever, Ilya and Hinton, Geoffrey E},
  booktitle={Advances in neural information processing systems},
  pages={1097--1105},
  year={2012}
}

@inproceedings{graves2013speech,
  title={Speech recognition with deep recurrent neural networks},
  author={Graves, Alex and Mohamed, Abdel-rahman and Hinton, Geoffrey},
  booktitle={Acoustics, speech and signal processing (icassp), 2013 ieee international conference on},
  pages={6645--6649},
  year={2013},
  organization={IEEE}
}

@article{hinton2012deep,
    title={Deep neural networks for acoustic modeling in speech recognition: The shared views of four research groups},
    author={Hinton, Geoffrey and
            Deng, Li and
            Yu, Dong and
            Dahl, George E and
            Mohamed, Abdel-rahman and 
            Jaitly, Navdeep and 
            Senior, Andrew and 
            Vanhoucke, Vincent and 
            Nguyen, Patrick and 
            Sainath, Tara N and 
            others},
    journal={IEEE Signal Processing Magazine},
    volume={29},
    number={6},
    pages={82--97},
    year={2012},
    publisher={IEEE}
}

@article{silver2016mastering,
  title={Mastering the game of Go with deep neural networks and tree search},
  author={Silver, David and 
          Huang, Aja and 
          Maddison, Chris J and 
          Guez, Arthur and 
          Sifre, Laurent and 
          Van Den Driessche, George and 
          Schrittwieser, Julian and 
          Antonoglou, Ioannis and 
          Panneershelvam, Veda and 
          Lanctot, Marc and 
          others},
  journal={nature},
  volume={529},
  number={7587},
  pages={484--489},
  year={2016},
  publisher={Nature Research}
}

@article{mnih2015human,
    title={Human-level control through deep reinforcement learning},
    author={Mnih, Volodymyr and 
            Kavukcuoglu, Koray and 
            Silver, David and 
            Rusu, Andrei A and 
            Veness, Joel and 
            Bellemare, Marc G and 
            Graves, Alex and 
            Riedmiller, Martin and 
            Fidjeland, Andreas K and 
            Ostrovski, Georg and 
            others},
    journal={Nature},
    volume={518},
    number={7540},
    pages={529},
    year={2015},
    publisher={Nature Publishing Group}
}

@ONLINE{deepmind,
    author={DeepMind},
    title={DeepMind},
    year={2018},
    url={https://deepmind.com/}
}

@ONLINE{starcraft2,
	author={Blizzard},
	title={StarCraft 2},
	year={2017},
	url={https://www.starcraft2.com/en-us/}
}

@article{vinyals2017starcraft,
  title={Starcraft II: A new challenge for reinforcement learning},
  author={Vinyals,
          Oriol and Ewalds,
          Timo and Bartunov,
          Sergey and Georgiev,
          Petko and Vezhnevets,
          Alexander Sasha and Yeo,
          Michelle and Makhzani,
          Alireza and K{\"u}ttler,
          Heinrich and Agapiou,
          John and Schrittwieser,
          Julian and others},
  journal={arXiv preprint arXiv:1708.04782},
  year={2017}
}

@ONLINE{pysc2,
    author={DeepMind},
    title={StarCraft II Learning Environment},
    year={2017},
    url={https://github.com/deepmind/pysc2}
}

@ONLINE{bliz-api,
    author={Blizzard},
    title={StarCraft II Machine Learning API},
    year={2018},
    url={https://github.com/blizzard/s2client-proto}
}

@ONLINE{python-website,
    title={Python Programming Lanuguage},
    author={Python Software Foundation},
    howpublished={\url{http://python.org}},
    note={Accessed: 01-03-2018}
}

@misc{tensorflow2015-whitepaper,
    title={ {TensorFlow}: Large-Scale Machine Learning on Heterogeneous Systems},
    url={https://www.tensorflow.org/},
    note={Software available from tensorflow.org},
    author={
            Mart\'{\i}n~Abadi and
            Ashish~Agarwal and
            Paul~Barham and
            Eugene~Brevdo and
            Zhifeng~Chen and
            Craig~Citro and
            Greg~S.~Corrado and
            Andy~Davis and
            Jeffrey~Dean and
            Matthieu~Devin and
            Sanjay~Ghemawat and
            Ian~Goodfellow and
            Andrew~Harp and
            Geoffrey~Irving and
            Michael~Isard and
            Yangqing Jia and
            Rafal~Jozefowicz and
            Lukasz~Kaiser and
            Manjunath~Kudlur and
            Josh~Levenberg and
            Dandelion~Man\'{e} and
            Rajat~Monga and
            Sherry~Moore and
            Derek~Murray and
            Chris~Olah and
            Mike~Schuster and
            Jonathon~Shlens and
            Benoit~Steiner and
            Ilya~Sutskever and
            Kunal~Talwar and
            Paul~Tucker and
            Vincent~Vanhoucke and
            Vijay~Vasudevan and
            Fernanda~Vi\'{e}gas and
            Oriol~Vinyals and
            Pete~Warden and
            Martin~Wattenberg and
            Martin~Wicke and
            Yuan~Yu and
            Xiaoqiang~Zheng},
    year={2015},
}

@ONLINE{arc,
    title={Advanced Research Computing},
    author={University of Leeds},
    howpublished={\url{http://arc.leeds.ac.uk}},
    note={Accessed: 01-02-2018}
}

