@ONLINE{deepmind,
	author={DeepMind},
	title={AlphaGo Zero: Learning from scratch},
	year={2017},
	url={https://deepmind.com/blog/alphago-zero-learning-scratch/}
}

@ONLINE{starcraft2,
	author={Blizzard},
	title={StarCraft 2},
	year={2017},
	url={https://www.starcraft2.com/en-us/}
}

@article{vinyals2017starcraft,
  title={Starcraft II: A new challenge for reinforcement learning},
  author={Vinyals,
          Oriol and Ewalds,
          Timo and Bartunov,
          Sergey and Georgiev,
          Petko and Vezhnevets,
          Alexander Sasha and Yeo,
          Michelle and Makhzani,
          Alireza and K{\"u}ttler,
          Heinrich and Agapiou,
          John and Schrittwieser,
          Julian and others},
  journal={arXiv preprint arXiv:1708.04782},
  year={2017}
}

@ONLINE{pysc2,
    author={DeepMind},
    title={StarCraft II Learning Environment},
    year={2017},
    url={https://github.com/deepmind/pysc2}
}

@article{vevcerik2017leveraging,
    title={Leveraging demonstrations for deep reinforcement learning on robotics problems with sparse rewards},
    author={Ve{\v{c}}er{\'\i}k,
            Matej and Hester,
            Todd and Scholz,
            Jonathan and Wang,
            Fumin and Pietquin,
            Olivier and Piot,
            Bilal and Heess,
            Nicolas and Roth{\"o}rl,
            Thomas and Lampe,
            Thomas and Riedmiller,
            Martin},
    journal={arXiv preprint arXiv:1707.08817},
    year={2017}
}
